<?xml version='1.0' encoding='UTF-8'?>
<record xmlns="http://www.loc.gov/MARC21/slim">
  <leader>01447cam a22003375  4500</leader>
  <controlfield tag="001">2775754</controlfield>
  <controlfield tag="003">NjP</controlfield>
  <controlfield tag="005">20171013175039.0</controlfield>
  <controlfield tag="008">991005m19331934le            000 0 ara d</controlfield>
  <datafield tag="024" ind1="7" ind2=" ">
    <subfield code="a">princeton_aco002764</subfield>
    <subfield code="2">local</subfield>
  </datafield>
  <datafield ind1=" " ind2=" " tag="035">
    <subfield code="a">(OCoLC)ocn178526282</subfield>
  </datafield>
  <datafield ind1=" " ind2=" " tag="035">
    <subfield code="a">(OCoLC)ocm42547401</subfield>
  </datafield>
  <datafield ind1=" " ind2=" " tag="040">
    <subfield code="a">PUL</subfield>
    <subfield code="c">PUL</subfield>
    <subfield code="d">PUL</subfield>
  </datafield>
  <datafield ind1=" " ind2=" " tag="066">
    <subfield code="c">(3</subfield>
  </datafield>
  <datafield ind1=" " ind2=" " tag="035">
    <subfield code="a">(OCoLC)178526282</subfield>
  </datafield>
  <datafield ind1=" " ind2=" " tag="035">
    <subfield code="9">CNH3384TS</subfield>
  </datafield>
  <datafield ind1=" " ind2=" " tag="035">
    <subfield code="a">(NjP)2775754</subfield>
  </datafield>
  <datafield ind1=" " ind2=" " tag="079">
    <subfield code="a">ocm42547401</subfield>
  </datafield>
  <datafield ind1=" " ind2=" " tag="090">
    <subfield code="a">KMU1.9</subfield>
    <subfield code="b">1933</subfield>
  </datafield>
  <datafield ind1=" " ind2=" " tag="049">
    <subfield code="a">PULL</subfield>
  </datafield>
  <datafield ind1="1" ind2=" " tag="110">
    <subfield code="a">Syria.</subfield>
    <subfield code="0">http://id.loc.gov/authorities/names/n80061798</subfield>
  </datafield>
  <datafield ind1="1" ind2="0" tag="240">
    <subfield code="a">Laws, etc.</subfield>
  </datafield>
  <datafield ind1="0" ind2="0" tag="245">
    <subfield code="6">880-01</subfield>
    <subfield code="a">Majmūʻat muqarrarāt ḥukūmat Sūriyā;</subfield>
    <subfield code="b">wahiya tashtamilu ʻalá al-qawānīn wa-al-marāsīm wa-al-qarārāt allatī ṣadarat fī Sūriyā mundhu ihtilāl ākhir Aylūl sanat 1918 ilá yawminā hādhā.</subfield>
  </datafield>
  <datafield ind1="0" ind2="5" tag="246">
    <subfield code="a">Recueil des lois, decrets et arrêtés de l'etat de Syrie ...</subfield>
  </datafield>
  <datafield ind1=" " ind2=" " tag="260">
    <subfield code="6">880-02</subfield>
    <subfield code="a">[Beirut] :</subfield>
    <subfield code="b">Maṭbʻat Ṣādir,</subfield>
    <subfield code="c">1933 or 4.</subfield>
  </datafield>
  <datafield ind1=" " ind2=" " tag="300">
    <subfield code="a">8 v. in 4.</subfield>
    <subfield code="c">24 cm.</subfield>
  </datafield>
  <datafield ind1=" " ind2=" " tag="546">
    <subfield code="a">In Arabic.</subfield>
  </datafield>
  <datafield ind1="0" ind2="0" tag="880">
    <subfield code="6">245-01/(3/r</subfield>
    <subfield code="a">مجموعة مقررات حكومة سوريا؛</subfield>
    <subfield code="b">وهي تشتمل على القوانين والمراسيم والقرارات التي صدرة في سوريا منذ اهتلال آخر ايلول سنة 1918 الى يومنا هذه.</subfield>
  </datafield>
  <datafield ind1=" " ind2=" " tag="880">
    <subfield code="6">260-02/(3/r</subfield>
    <subfield code="a">[بيروت] :</subfield>
    <subfield code="b">مطبعة صادر،</subfield>
    <subfield code="c">1933 or 4.</subfield>
  </datafield>
  <datafield ind1=" " ind2=" " tag="911">
    <subfield code="a">20000130</subfield>
  </datafield>
  <datafield ind1=" " ind2=" " tag="994">
    <subfield code="a">C0</subfield>
    <subfield code="b">PUL</subfield>
  </datafield>
  <datafield ind1=" " ind2=" " tag="999">
    <subfield code="a">2775754</subfield>
  </datafield>
  <datafield ind1=" " ind2=" " tag="902">
    <subfield code="a">jab</subfield>
    <subfield code="b">r</subfield>
    <subfield code="6">a</subfield>
    <subfield code="7">m</subfield>
    <subfield code="d">v</subfield>
    <subfield code="f">0</subfield>
    <subfield code="e">20100618</subfield>
  </datafield>
  <datafield ind1="0" ind2="1" tag="852">
    <subfield code="0">3086616</subfield>
    <subfield code="b">nec</subfield>
    <subfield code="h">KMU1.9</subfield>
    <subfield code="i">1933</subfield>
  </datafield>
  <datafield ind1=" " ind2="0" tag="866">
    <subfield code="0">3086616</subfield>
    <subfield code="8">0</subfield>
    <subfield code="a">Vol. 1-v. 8</subfield>
  </datafield>
  <datafield ind1=" " ind2=" " tag="959">
    <subfield code="a">2008-11-14 10:49:53 -0500</subfield>
  </datafield>
</record>
